@article{GELADI19861,
title = "Partial least-squares regression: a tutorial",
journal = "Analytica Chimica Acta",
volume = "185",
pages = "1 - 17",
year = "1986",
issn = "0003-2670",
doi = "https://doi.org/10.1016/0003-2670(86)80028-9",
url = "http://www.sciencedirect.com/science/article/pii/0003267086800289",
author = "Paul Geladi and Bruce R. Kowalski"
}


@article{shlens2014tutorial,
  title={A tutorial on principal component analysis},
  author={Shlens, Jonathon},
  journal={arXiv preprint arXiv:1404.1100},
  year={2014}
}

@misc{srinivasan, title={MCS 507: Mathematical, Statistical and Scientific Software}, url={http://homepages.math.uic.edu/~jan/mcs507/index.html}, journal={Bhama Srinivasan's Home Page}, author={Srinivasan, Bhama}}

@article{arbenz2012lecture,
  title={Lecture notes on solving large scale eigenvalue problems},
  author={Arbenz, Peter and Kressner, Daniel and Z{\"u}rich, DME},
  journal={D-MATH, EHT Zurich},
  volume={2},
  year={2012}
}

@article{GELADI19861,
title = "Partial least-squares regression: a tutorial",
journal = "Analytica Chimica Acta",
volume = "185",
pages = "1 - 17",
year = "1986",
issn = "0003-2670",
doi = "https://doi.org/10.1016/0003-2670(86)80028-9",
url = "http://www.sciencedirect.com/science/article/pii/0003267086800289",
author = "Paul Geladi and Bruce R. Kowalski"
}

@article{cline2006computation,
  title={Computation of the singular value decomposition},
  author={Cline, Alan Kaylor and Dhillon, Inderjit S},
  year={2006},
  publisher={Citeseer}
}

@article{roughgarden2016cs168,
  title={CS168: The Modern Algorithmic Toolbox Lecture 8: How PCA Works},
  author={Roughgarden, Tim and Valiant, Gregory},
  year={2016}
}


@inproceedings{dabov2006image,
  title={Image denoising with block-matching and 3D filtering},
  author={Dabov, Kostadin and Foi, Alessandro and Katkovnik, Vladimir and Egiazarian, Karen},
  booktitle={Image Processing: Algorithms and Systems, Neural Networks, and Machine Learning},
  volume={6064},
  pages={606414},
  year={2006},
  organization={International Society for Optics and Photonics}
}

@article{vincent2010stacked,
  title={Stacked denoising autoencoders: Learning useful representations in a deep network with a local denoising criterion},
  author={Vincent, Pascal and Larochelle, Hugo and Lajoie, Isabelle and Bengio, Yoshua and Manzagol, Pierre-Antoine},
  journal={Journal of Machine Learning Research},
  volume={11},
  number={Dec},
  pages={3371--3408},
  year={2010}
}

@book{trefethen1997numerical,
  title={Numerical linear algebra},
  author={Trefethen, Lloyd N and Bau III, David},
  volume={50},
  year={1997},
  publisher={Siam}
}

@article{zhang2010two,
  title={Two-stage image denoising by principal component analysis with local pixel grouping},
  author={Zhang, Lei and Dong, Weisheng and Zhang, David and Shi, Guangming},
  journal={Pattern Recognition},
  volume={43},
  number={4},
  pages={1531--1549},
  year={2010},
  publisher={Elsevier}
}


@misc{risvik2007principal,
  title={Principal component analysis (PCA) \& NIPALS algorithm},
  author={Risvik, Henning},
  year={2007},
  publisher={May}
}

@article{oliphant2009numpy,
  title={NumPy: A Python Library for Numerical Computations},
  author={Oliphant, T and others},
  journal={URL http://www. scipy. org/Numpy},
  year={2009}
}

@article{scikit-learn,
 title={Scikit-learn: Machine Learning in {P}ython},
 author={Pedregosa, F. and Varoquaux, G. and Gramfort, A. and Michel, V.
         and Thirion, B. and Grisel, O. and Blondel, M. and Prettenhofer, P.
         and Weiss, R. and Dubourg, V. and Vanderplas, J. and Passos, A. and
         Cournapeau, D. and Brucher, M. and Perrot, M. and Duchesnay, E.},
 journal={Journal of Machine Learning Research},
 volume={12},
 pages={2825--2830},
 year={2011}
}

@article{madsen2004singular,
	author = {Madsen, R.E. and Hansen, L.K. and Winther, O.},
	journal = {Class notes, IMM, DTU},
	localfile = {Singular Value Decomposition and Principal Component Analysis - Rasmus Elsborg Madsen.pdf},
	pages = {1â€“5},
	title = {{Singular value decomposition and principal component analysis}},
	x-fetchedfrom = {Google Scholar},
	year = {2004}
}

@book{intelmath,
    title={Intel Math Kernel Library. Reference Manual},
    publisher={Intel Corporation},
    city={Santa Clara},
    country={USA},
    isbn={630813-072US},
    year={2018}
}

