@article{GELADI19861,
title = "Partial least-squares regression: a tutorial",
journal = "Analytica Chimica Acta",
volume = "185",
pages = "1 - 17",
year = "1986",
issn = "0003-2670",
doi = "https://doi.org/10.1016/0003-2670(86)80028-9",
url = "http://www.sciencedirect.com/science/article/pii/0003267086800289",
author = "Paul Geladi and Bruce R. Kowalski"
}

@article{cline2006computation,
  title={Computation of the singular value decomposition},
  author={Cline, Alan Kaylor and Dhillon, Inderjit S},
  year={2006},
  publisher={Citeseer}
}

@article{roughgarden2016cs168,
  title={CS168: The Modern Algorithmic Toolbox Lecture\# 8: How PCA Works},
  author={Roughgarden, Tim and Valiant, Gregory},
  year={2016}
}


@inproceedings{dabov2006image,
  title={Image denoising with block-matching and 3D filtering},
  author={Dabov, Kostadin and Foi, Alessandro and Katkovnik, Vladimir and Egiazarian, Karen},
  booktitle={Image Processing: Algorithms and Systems, Neural Networks, and Machine Learning},
  volume={6064},
  pages={606414},
  year={2006},
  organization={International Society for Optics and Photonics}
}

@article{vincent2010stacked,
  title={Stacked denoising autoencoders: Learning useful representations in a deep network with a local denoising criterion},
  author={Vincent, Pascal and Larochelle, Hugo and Lajoie, Isabelle and Bengio, Yoshua and Manzagol, Pierre-Antoine},
  journal={Journal of Machine Learning Research},
  volume={11},
  number={Dec},
  pages={3371--3408},
  year={2010}
}

